@article{garcia2008sindrome,
  title={S{\'\i}ndrome de muerte s{\'u}bita del lactante},
  author={Garc{\'\i}a Garc{\'\i}a, Felipa Elena},
  journal={Revista Cubana de Pediatr{\'\i}a},
  volume={80},
  number={2},
  pages={0--0},
  year={2008},
  publisher={1999, Editorial Ciencias M{\'e}dicas}
}

@article{subita2000nuevas,
  title={Nuevas recomendaciones para la disminuci{\'o}n del riesgo del s{\'\i}ndrome de muerte s{\'u}bita del lactante},
  author={SUBITA, GRUPO DE TRABAJO EN MUERTE},
  journal={Arch. argent. pediatr},
  volume={98},
  number={4},
  pages={239},
  year={2000}
}

@article{aguilera2002importancia,
  title={La importancia de la investigaci{\'o}n del lugar de la muerte y de la entrevista familiar en casos de muerte s{\'u}bita e inesperada del lactante},
  author={Aguilera, B and Suarez-Mier, MP},
  journal={Cuadernos de Medicina Forense},
  number={30},
  pages={33--38},
  year={2002},
  publisher={SciELO Espana}
}

@misc{silva2008device,
  title={Device for Monitoring Respiratory Movements},
  author={Silva, Carlos},
  year={2008},
  month=jan # "~17",
  publisher={Google Patents},
  note={US Patent App. 11/834,287}
}

@inproceedings{hafner2007non,
  title={Non-contact cardiopulmonary sensing with a baby monitor},
  author={Hafner, Noah and Mostafanezhad, Isar and Lubecke, Victor M and Boric-Lubecke, Olga and Host-Madsen, Anders},
  booktitle={Engineering in Medicine and Biology Society, 2007. EMBS 2007. 29th Annual International Conference of the IEEE},
  pages={2300--2302},
  year={2007},
  organization={IEEE}
}

@inproceedings{brady2005garment,
  title={Garment-based monitoring of respiration rate using a foam pressure sensor},
  author={Brady, Sarah and Dunne, Lucy E and Tynan, Richard and Diamond, Dermot and Smyth, Barry and O'Hare, Gregory MP},
  booktitle={Wearable Computers, 2005. Proceedings. Ninth IEEE International Symposium on},
  pages={214--215},
  year={2005},
  organization={IEEE}
}

@misc{scanlon1996sudden,
  title={Sudden infant death syndrome (SIDS) monitor and stimulator},
  author={Scanlon, Michael},
  year={1996},
  month=may # "~14",
  publisher={Google Patents},
  note={US Patent 5,515,865}
}

@misc{kim1996sudden,
  title={Sudden infant death syndrome monitor},
  author={Kim, Bill H},
  year={1996},
  month=apr # "~9",
  publisher={Google Patents},
  note={US Patent 5,505,199}
}

@misc{teodorescu2000respiration,
  title={Respiration and movement monitoring system},
  author={Teodorescu, Horia-Nicolai and Mlynek, Daniel J},
  year={2000},
  month=jan # "~4",
  publisher={Google Patents},
  note={US Patent 6,011,477}
}

@misc{christian1999apparatus,
  title={Apparatus and method for preventing sudden infant death syndrome},
  author={Christian, P},
  year={1999},
  month=mar # "~30",
  publisher={Google Patents},
  note={US Patent 5,887,304}
}

@misc{lee2012baby,
  title={Baby monitoring system},
  author={Lee, Taek Kyu and Han, Min Soo},
  year={2012},
  month=jan # "~10",
  publisher={Google Patents},
  note={US Patent 8,094,013}
}

@misc{broussard2002baby,
  title={Baby blanket with baby monitoring system},
  author={Broussard, Rose and Broussard, Johnny},
  year={2002},
  month=apr # "~23",
  publisher={Google Patents},
  note={US Patent 6,377,177}
}

@inproceedings{hernandez2017deteccion,
  title={Detecci{\'o}n No Invasiva de la Respiraci{\'o}n Mediante un Sensor Inductivo Conectado Directamente a un Microcontrolador},
  author={Hern{\'a}ndez, A and Sifuentes, E and Cota, J and Gonz{\'a}lez-Landaeta, R},
  booktitle={Memorias del Congreso Nacional de Ingenier{\'\i}a Biom{\'e}dica},
  volume={4},
  number={1},
  pages={286--289},
  year={2017}
}

@article{esquiroz2017diseno,
  title={Dise{\~n}o, fabricaci{\'o}n y caracterizaci{\'o}n de un sistema de detecci{\'o}n de mon{\'o}xido de carbono en la respiraci{\'o}n humana},
  author={Esqu{\'\i}roz Olcoz, Aitor},
  year={2017}
}

@article{min2010noncontact,
  title={Noncontact respiration rate measurement system using an ultrasonic proximity sensor},
  author={Min, Se Dong and Kim, Jin Kwon and Shin, Hang Sik and Yun, Yong Hyeon and Lee, Chung Keun and Lee, Myoungho},
  journal={IEEE Sensors Journal},
  volume={10},
  number={11},
  pages={1732--1739},
  year={2010},
  publisher={IEEE}
}

@article{lindberg1996estimation,
  title={Estimation of the respiration rate and oxygen transfer function utilizing a slow DO sensor},
  author={Lindberg, C-F and Carlsson, B},
  journal={Water Science and Technology},
  volume={33},
  number={1},
  pages={325--333},
  year={1996},
  publisher={IWA Publishing}
}

@misc{telemetryviewer,
  author = {Farrell F.},
  title = {{Telemetry Viewer}},
  howpublished = "\url{http://www.farrellf.com/}",
  year = {2017},
  note = "[Online; accessed 21-July-2017]"
}

@misc{arduinourl,
  author = {Arduino},
  title = {{Arduino}},
  howpublished = "\url{https://www.arduino.cc/}",
  year = {2018},
  note = "[Online; accessed 21-May-2018]"
}

@misc{proximidadtecnico,
  author = {Web Robótica},
  title = {{Sensor de proximidad IR FC-51}},
  howpublished = "\url{http://www.web-robotica.com/}",
  year = {2018},
  note = "[Online; accessed 21-May-2018]"
}

@misc{temperaturatecnico,
  author = {Sparkfun},
  title = {{Sensor de temperatura direccional MLX90614}},
  howpublished = "\url{https://learn.sparkfun.com/}",
  year = {2018},
  note = "[Online; accessed 21-May-2018]"
}

@misc{movimientotecnico,
  author = {Electrónica práctica aplicada},
  title = {{Sensor de movimiento HC-SR501}},
  howpublished = "\url{https://www.diarioelectronicohoy.com/}",
  year = {2018},
  note = "[Online; accessed 21-May-2018]"
}

@misc{arduinocode,
  author = {Arduino},
  title = {{Lenguage reference IDE Arduino}},
  howpublished = "\url{https://www.arduino.cc/reference/en/}",
  year = {2018},
  note = "[Online; accessed 21-May-2018]"
}
