@article{garcia2008sindrome,
  title={S{\'\i}ndrome de muerte s{\'u}bita del lactante},
  author={Garc{\'\i}a Garc{\'\i}a, Felipa Elena},
  journal={Revista Cubana de Pediatr{\'\i}a},
  volume={80},
  number={2},
  pages={0--0},
  year={2008},
  publisher={1999, Editorial Ciencias M{\'e}dicas}
}

@article{defmov,
  title={S{\'\i}ndrome de muerte s{\'u}bita del lactante},
  author={Garc{\'\i}a Garc{\'\i}a, Felipa Elena},
  journal={Revista Cubana de Pediatr{\'\i}a},
  volume={80},
  number={2},
  pages={0--0},
  year={2008},
  publisher={1999, Editorial Ciencias M{\'e}dicas}
}

@misc{refmovimiento,
  author = {Wikipedia},
  howpublished = "\url{https://en.wikipedia.org/wiki/Motion_detector}",
  year = {2018},
  note = "[Online; Accedido 19-06-2018]"
}

@misc{reflux,
  author = {Wikipedia},
  howpublished = "\url{https://en.wikipedia.org/wiki/Lux}",
  year = {2018},
  note = "[Online; Accedido 19-06-2018]"
}


@misc{refgases1,
  author = {Wikipedia},
  howpublished = "\url{https://medlineplus.gov/spanish/carbonmonoxidepoisoning.html}",
  year = {2018},
  note = "[Online; Accedido 19-06-2018]"
}


@misc{refarduinoide,
  author = {Arduino.cc},
  howpublished = "\url{https://www.arduino.cc/en/guide/windows}",
  year = {2018},
  note = "[Online; Accedido 19-06-2018]"
}

@misc{refopensource,
  author = {Opensource.com},
  howpublished = "\url{https://opensource.com/resources/what-open-source}",
  year = {2018},
  note = "[Online; Accedido 19-06-2018]"
}


@misc{refmq7,
  author = {sparkfun.com},
  howpublished = "\url{https://www.sparkfun.com/datasheets/Sensors/Biometric/MQ-7.pdf}",
  year = {2018},
  note = "[Online; Accedido 19-06-2018]"
}

@misc{ref,
  author = {},
  howpublished = "\url{}",
  year = {2018},
  note = "[Online; Accedido 19-06-2018]"
}

@misc{ref,
  author = {},
  howpublished = "\url{}",
  year = {2018},
  note = "[Online; Accedido 19-06-2018]"
}

@misc{ref,
  author = {},
  howpublished = "\url{}",
  year = {2018},
  note = "[Online; Accedido 19-06-2018]"
}

@misc{ref,
  author = {},
  howpublished = "\url{}",
  year = {2018},
  note = "[Online; Accedido 19-06-2018]"
}

